@online{amazonwebservicesAmazonEBS2023,
  title = {Amazon {{Elastic Block Storage}} ({{EBS}}) â€” {{AWS}}},
  author = {{Amazon Web Services}},
  date = {2023},
  url = {https://aws.amazon.com/ebs/faqs/},
  urldate = {2023-10-10},
  langid = {american},
  organization = {{Amazon Web Services, Inc.}},
}