@online{amazonwebservicesAmazonSimpleStorage2023,
  title = {Amazon {{Simple Storage Service}} ({{S3}}) — {{Cloud Storage}} — {{AWS}}},
  author = {{Amazon Web Services}},
  date = {2023},
  url = {https://aws.amazon.com/s3/faqs/},
  urldate = {2023-10-10},
  langid = {american},
  organization = {{Amazon Web Services, Inc.}},
  file = {C:\Users\Admin\Zotero\storage\U8AX6UNC\faqs.html}
}

@online{amazonwebservicesEncryptingAmazonRDS2023,
  title = {Encrypting {{Amazon RDS}} Resources - {{Amazon Relational Database Service}}},
  author = {{Amazon Web Services}},
  date = {2023},
  url = {https://docs.aws.amazon.com/AmazonRDS/latest/UserGuide/Overview.Encryption.html},
  urldate = {2023-10-10},
  organization = {{AWS}},
  file = {C:\Users\Admin\Zotero\storage\CB5Q5TZ2\Overview.Encryption.html}
}

@online{amazonwebservicesProtectingDataEncryption2023,
  title = {Protecting Data with Encryption - {{Amazon Simple Storage Service}}},
  author = {{Amazon Web Services}},
  date = {2023},
  url = {https://docs.aws.amazon.com/AmazonS3/latest/userguide/UsingEncryption.html},
  urldate = {2023-10-10},
  organization = {{Amazon Web Services, Inc.}},
  file = {C:\Users\Admin\Zotero\storage\WMDIAVKL\UsingEncryption.html}
}

@online{CloudEcosystemBeginner2022,
  title = {The {{Cloud Ecosystem}}: {{A Beginner}}’s {{Guide}}},
  shorttitle = {The {{Cloud Ecosystem}}},
  date = {2022-08-22},
  url = {https://www.liquidweb.com/blog/cloud-ecosystem/#h-what-is-the-cloud-ecosystem},
  urldate = {2023-09-10},
  abstract = {If you’re curious about the cloud ecosystem, then Liquid Web has your complete guide to understanding its definition and important concepts.},
  langid = {american},
  organization = {{Liquid Web}},
  file = {C:\Users\Admin\Zotero\storage\KIFGNLIY\cloud-ecosystem.html}
}

@online{cloudflareWhatCloud,
  title = {What Is the Cloud?},
  author = {{CloudFlare}},
  url = {https://www.cloudflare.com/en-au/learning/cloud/what-is-the-cloud/},
  urldate = {2023-09-09},
  file = {C:\Users\Admin\Zotero\storage\CGI9UTVN\what-is-the-cloud.html}
}

@online{cloudflareWhatNaaSNetworkasaservice,
  title = {What Is {{NaaS}} (Network-as-a-Service)?},
  author = {{CloudFlare}},
  url = {https://www.cloudflare.com/learning/network-layer/network-as-a-service-naas/},
  urldate = {2023-09-10},
  abstract = {Network-as-a-service (NaaS) is a service model in which enterprises rent networking services from a vendor instead of setting up their own network infrastructure.},
  langid = {australian},
  organization = {{Cloudflare}},
  file = {C:\Users\Admin\Zotero\storage\BRHT6U6T\network-as-a-service-naas.html}
}

@misc{haimingzhang41891CloudComputing2023,
  title = {41891: {{Cloud Computing Infrastructure Week}} 5: {{Data Centre Fundamentals}} and {{Virtualisations}}},
  author = {{Haiming Zhang}},
  date = {2023-08-07},
  organization = {{University of Technology Sydney}}
}

@misc{haimingzhang41891CloudComputing2023a,
  title = {41891: {{Cloud Computing Infrastructure Week}} 2: {{Cloud Infrastructure Design}}: {{Virtualization Technologies}}},
  author = {{Haiming Zhang}},
  date = {2023-08-07},
  organization = {{University of Technology Sydney}}
}

@misc{haimingzhang41891CloudComputing2023b,
  title = {41891: {{Cloud Computing Infrastructure Week}} 1: {{An Introduction}}},
  author = {{Haiming Zhang}},
  date = {2023-08-07},
  organization = {{University of Technology Sydney}}
}

@book{kusnetzkyVirtualizationManagerGuide2011,
  title = {Virtualization: {{A}} Manager's Guide},
  shorttitle = {Virtualization},
  author = {Kusnetzky, Dan},
  date = {2011},
  publisher = {{" O'Reilly Media, Inc."}},
  file = {C:\Users\Admin\Zotero\storage\3XH3G79A\books.html}
}

@online{microsoftazureWhatPaaSPlatform,
  title = {What Is {{PaaS}}? {{Platform}} as a {{Service}}},
  shorttitle = {What Is {{PaaS}}?},
  author = {{Microsoft Azure}},
  url = {https://azure.microsoft.com/en-au/resources/cloud-computing-dictionary/what-is-paas},
  urldate = {2023-09-09},
  abstract = {What is PaaS? Learn about Platform as a Service (PaaS) cloud computing. Read about how PaaS delivers a complete development and deployment environment in the cloud.},
  langid = {australian},
  file = {C:\Users\Admin\Zotero\storage\97IGFFCE\what-is-paas.html}
}

@online{vmwareVirtualizationTechnologyVirtual,
  title = {Virtualization {{Technology}} \& {{Virtual Machine Software}}: {{What}} Is {{Virtualization}}?},
  shorttitle = {Virtualization {{Technology}} \& {{Virtual Machine Software}}},
  author = {{VMware}},
  url = {https://www.vmware.com/solutions/virtualization.html},
  urldate = {2023-09-10},
  abstract = {Learn more about VMware virtualization and virtual machine software, including server, desktop and network virtualization.},
  langid = {american},
  organization = {{VMware}},
  file = {C:\Users\Admin\Zotero\storage\Z95PXQZP\virtualization.html}
}

@online{vmwareWhatHypervisorVMware,
  title = {What Is a {{Hypervisor}}? | {{VMware Glossary}}},
  shorttitle = {What Is a {{Hypervisor}}?},
  author = {{VMware}},
  url = {https://www.vmware.com/topics/glossary/content/hypervisor.html},
  urldate = {2023-09-10},
  abstract = {Hypervisor, also known as a virtual machine monitor, is a process that creates and runs virtual machines (VMs).},
  langid = {australian},
  organization = {{VMware}},
  file = {C:\Users\Admin\Zotero\storage\RQMIR8RN\hypervisor.html}
}

@online{vmwareWhatStorageArea,
  title = {What Is {{Storage Area Network}} ({{SAN}})? | {{VMware Glossary}} | {{AU}}},
  author = {{VMware}},
  url = {https://www.vmware.com/au/topics/glossary/content/storage-area-network-san.html#},
  urldate = {2023-09-10},
  file = {C:\Users\Admin\Zotero\storage\5GW6QBI4\storage-area-network-san.html}
}

@online{WhatDataCenter,
  title = {What {{Is}} a {{Data Center}}?},
  url = {https://www.cisco.com/c/en_au/solutions/data-center-virtualization/what-is-a-data-center.html},
  urldate = {2023-09-10},
  abstract = {A data center stores and shares applications and data. It  comprises components that include switches, storage systems, servers, routers, and security devices. Data center infrastructure is typically housed in secure facilities organized by halls, rows and racks, and supported by power and cooling systems, backup generators, and cabling plants.},
  langid = {english},
  organization = {{Cisco}},
  file = {C:\Users\Admin\Zotero\storage\BBTJPTRV\what-is-a-data-center.html}
}
